@book{algorithms,
author = {Cormen, T. H.},
language = {eng},
address = {Cambridge, Mass},
booktitle = {Introduction to algorithms},
edition = {3rd ed.},
isbn = {9780262533058},
keywords = {Informática -- Informática},
publisher = {MIT Press},
title = {Introduction to algorithms / Thomas H. Cormen... [et al]},
year = {2009},
}

@book{topo,
author = {López Camino, Rafael},
language = {spa},
address = {Granada},
booktitle = {Topología},
isbn = {9788433856760},
keywords = {Topología},
publisher = {Universidad de Granada},
series = {Manuales major ; 67. Ciencias experimentales y exactas},
title = {Topología / Rafael López Camino },
year = {2014},
}

@book{alma991006265739704990,
author = {Weiss, Mark Allen},
address = {Boston},
booktitle = {Data structures and algorithm analysis in C++},
edition = {4th ed.},
isbn = {9780132847377},
keywords = {Estructuras de datos (Informática)},
language = {eng},
publisher = {Pearson Education},
title = {Data structures and algorithm analysis in C++ / Mark Allen Weiss},
year = {2014},
}

@book{alma991008609239704990,
author = {Janert, Philipp K.},
address = {Greenwich},
keywords = {GNUPLOT (Programa de ordenador)},
booktitle = {Gnuplot in action : understanding data with graphs},
language = {eng},
isbn = {9781933988399},
publisher = {Manning},
series = {Open source/Data visualization},
title = {Gnuplot in action : understanding data with graphs / Philipp K. Janert},
year = {2010},
}

@book{alma991014010751904990,
author = {Wilson, Matthew},
address = {Place of publication not identified},
keywords = {C++ (Computer program language)},
language = {eng},
edition = {1st edition},
isbn = {0-321-51445-9},
publisher = {Addison Wesley},
title = {Extended STL},
year = {2007},
}

@ARTICLE{6773228,
  author={Prim, R. C.},
  journal={The Bell System Technical Journal}, 
  title={Shortest connection networks and some generalizations}, 
  year={1957},
  volume={36},
  number={6},
  pages={1389-1401},
  doi={10.1002/j.1538-7305.1957.tb01515.x}}

@ARTICLE{fc0df122-3305-33a8-bac5-7a6fc3666dfb,
 ISSN = {00029939, 10886826},
 URL = {http://www.jstor.org/stable/2033241},
 author = {Joseph B. Kruskal},
 journal = {Proceedings of the American Mathematical Society},
 number = {1},
 pages = {48--50},
 publisher = {American Mathematical Society},
 title = {On the Shortest Spanning Subtree of a Graph and the Traveling Salesman Problem},
 urldate = {2023-06-06},
 volume = {7},
 year = {1956}
}

