@book{algorithms,
author = {Cormen, T. H.},
language = {eng},
address = {Cambridge, Mass},
booktitle = {Introduction to algorithms},
edition = {3rd ed.},
isbn = {9780262533058},
keywords = {Informática -- Informática},
publisher = {MIT Press},
title = {Introduction to algorithms / Thomas H. Cormen... [et al]},
year = {2009},
}

@book{topo,
author = {López Camino, Rafael},
language = {spa},
address = {Granada},
booktitle = {Topología},
isbn = {9788433856760},
keywords = {Topología},
publisher = {Universidad de Granada},
series = {Manuales major ; 67. Ciencias experimentales y exactas},
title = {Topología / Rafael López Camino },
year = {2014},
}